<record><leader>00000cas a2200000 a 4500</leader><controlfield tag="001">18945941</controlfield><controlfield tag="008">881228d19541965tnuwr ne      0    0eng d</controlfield><datafield ind1=" " ind2=" " tag="010"><subfield code="a">sn 88061285 </subfield></datafield><datafield ind1=" " ind2=" " tag="040"><subfield code="a">KNP</subfield><subfield code="b">eng</subfield><subfield code="c">KNP</subfield><subfield code="d">TGN</subfield><subfield code="d">OCL</subfield><subfield code="d">OCLCQ</subfield><subfield code="d">OCLCO</subfield><subfield code="d">OCLCF</subfield></datafield><datafield ind1="1" ind2=" " tag="029"><subfield code="a">AU@</subfield><subfield code="b">000020120214</subfield></datafield><datafield ind1=" " ind2=" " tag="042"><subfield code="a">msc</subfield></datafield><datafield ind1=" " ind2=" " tag="043"><subfield code="a">n-us-tn</subfield></datafield><datafield ind1="0" ind2="0" tag="245"><subfield code="a">North Grundy star.</subfield></datafield><datafield ind1=" " ind2=" " tag="260"><subfield code="a">Altamont, Tenn. :</subfield><subfield code="b">Scott M. Crutchfield,</subfield><subfield code="c">1954-1965.</subfield></datafield><datafield ind1=" " ind2=" " tag="300"><subfield code="a">v. :</subfield><subfield code="b">ill.</subfield></datafield><datafield ind1=" " ind2=" " tag="310"><subfield code="a">Weekly</subfield></datafield><datafield ind1="0" ind2=" " tag="362"><subfield code="a">Vol. 1, no. 1 (Feb. 18, 1954)-v. 11, no. 9 (Mar. 18, 1965).</subfield></datafield><datafield ind1=" " ind2=" " tag="580"><subfield code="a">Merged with: Grundy County herald (Tracy City, Tenn. : 1929), to form: Grundy County herald combined with the north Grundy star.</subfield></datafield><datafield ind1=" " ind2="0" tag="651"><subfield code="a">Altamont (Tenn.)</subfield><subfield code="v">Newspapers.</subfield></datafield><datafield ind1=" " ind2="0" tag="651"><subfield code="a">Grundy County (Tenn.)</subfield><subfield code="v">Newspapers.</subfield></datafield><datafield ind1=" " ind2="7" tag="655"><subfield code="a">Newspapers.</subfield><subfield code="2">fast</subfield><subfield code="0">(OCoLC)fst01423814</subfield></datafield><datafield ind1=" " ind2="7" tag="651"><subfield code="a">Tennessee</subfield><subfield code="z">Altamont.</subfield><subfield code="2">fast</subfield><subfield code="0">(OCoLC)fst01284433</subfield></datafield><datafield ind1=" " ind2="7" tag="651"><subfield code="a">Tennessee</subfield><subfield code="z">Grundy County.</subfield><subfield code="2">fast</subfield><subfield code="0">(OCoLC)fst01203199</subfield></datafield><datafield ind1=" " ind2=" " tag="752"><subfield code="a">United States</subfield><subfield code="b">Tennessee</subfield><subfield code="c">Grundy</subfield><subfield code="d">Altamont.</subfield></datafield><datafield ind1="1" ind2="7" tag="785"><subfield code="t">Grundy County herald (Tracy City, Tenn. : 1929)</subfield><subfield code="w">(DLC)sn 89058314</subfield></datafield><datafield ind1="1" ind2="7" tag="785"><subfield code="t">Grundy County herald combined with the north Grundy star</subfield><subfield code="w">(DLC)sn 99065810</subfield></datafield></record>